
@article{jacobi_quantitative_2016,
title = {Quantitative analysis of large amounts of journalistic texts using topic modelling},
volume = {4},
issn = {2167-0811},
url1 = {https://doi.org/10.1080/21670811.2015.1093271},
doi = {10.1080/21670811.2015.1093271},
pages = {89--106},
number = {1},
journaltitle = {Digital Journalism},
author = {Jacobi, Carina and Atteveldt, Wouter van and Welbers, Kasper},
urldate1 = {2020-06-13},
date = {2016-01-02},
note1 = {{ZSCC}: 0000154 
Publisher: Routledge
\_eprint: https://doi.org/10.1080/21670811.2015.1093271},
keywords = {automatic content analysis, Corrigendum, journalism, nuclear energy, topic models},
}


@article{guo_mining_2012,
title = {Mining Hot Topics from Twitter Streams},
volume = {9},
issn = {18770509},
url1 = {https://linkinghub.elsevier.com/retrieve/pii/S1877050912003456},
doi = {10.1016/j.procs.2012.04.224},
pages = {2008--2011},
journaltitle = {Procedia Computer Science},
shortjournal = {Procedia Computer Science},
author = {Guo, Jing and Zhang, Peng and Jianlong Tan and Guo, Li},
urldate1 = {2020-06-13},
date = {2012},
langid = {english},
}


@inproceedings{waila_blog_2013,
location = {Mysore},
title = {Blog text analysis using topic modeling, named entity recognition and sentiment classifier combine},
isbn = {978-1-4673-6217-7 978-1-4799-2432-5 978-1-4799-2659-6},
url1 = {http://ieeexplore.ieee.org/document/6637342/},
doi = {10.1109/ICACCI.2013.6637342},
eventtitle = {2013 International Conference on Advances in Computing, Communications and Informatics ({ICACCI})},
pages = {1166--1171},
booktitle = {2013 International Conference on Advances in Computing, Communications and Informatics ({ICACCI})},
publisher = {{IEEE}},
author = {Waila, Pranav and Singh, V. K. and Singh, M. K.},
urldate1 = {2020-06-22},
date = {2013-08},
langid = {english},
}


@article{boyd-graber_care_nodate,
title = {Care and Feeding of Topic Models: Problems, Diagnostics, and Improvementes},
pages = {30},
author = {Boyd-Graber, Jordan and Mimno, David and Newman, David},
langid = {english},
journal={Handbook of Mixed Membership Models and Their Applications},
publisher={CRC Press}
}