@misc{ Nobody06,
       author = "Nobody Jr",
       title = "My Article",
       year = "2006" }

@article{Li_2020,
   title={A Survey on Deep Learning for Named Entity Recognition},
   ISSN={2326-3865},
   url1={http://dx.doi.org/10.1109/tkde.2020.2981314},
   DOI={10.1109/tkde.2020.2981314},
   journal={IEEE Transactions on Knowledge and Data Engineering},
   publisher={Institute of Electrical and Electronics Engineers (IEEE)},
   author={Li, Jing and Sun, Aixin and Han, Jianglei and Li, Chenliang},
   year={2020},
   pages={1â€“1}
}
