
@online{dinesh_create_nodate,
title = {Create an Extended Date Dimension for a {SQL} Server Data Warehouse},
author={Asanka, Dinesh},
url = {https://www.mssqltips.com/sqlservertip/5553/create-an-extended-date-dimension-for-a-sql-server-data-warehouse/},
abstract = {In this tip we look at how to create a date dimension to handle different date needs when working with large datasets like in a data warehouse.},
urldate = {2020-06-10},
date = {2018-07-31},
langid = {english},
note1 = {Library Catalog: www.mssqltips.com},
}


@online{oracle_database_nodate,
title = {Database {SQL} Reference},
url = {https://docs.oracle.com/cd/B19306_01/server.102/b14200/toc.htm},
author = {Oracle},
urldate = {2020-06-10},
langid = {english},
note1 = {Library Catalog: docs.oracle.com},
}

@online{oracle_plsql_nodate,
title = {{PL}/{SQL} User's Guide and Reference},
url = {https://docs.oracle.com/cd/B14117_01/appdev.101/b10807/toc.htm},
author = {Oracle},
urldate = {2020-06-10},
}


@online{tripp_sqlskills_2017,
title = {{SQLskills} {SQL}101: Foreign Key Indexes},
author = {Tripp, Kimberly},
url = {https://www.sqlskills.com/blogs/kimberly/sqlskills-sql101-indexes-foreign-keys/},
shorttitle = {{SQLskills} {SQL}101},
abstract = {Why (and how) should you create indexes on foreign keys within a {SQL} Server database - a new {SQLskills} {SQL}101 post by Kimberly Tripp.},
titleaddon1 = {Kimberly L. Tripp},
urldate = {2020-06-10},
date = {2017-03-21},
langid = {american},
note1 = {Library Catalog: www.sqlskills.com
Section: Foreign Keys},
}

@online{xx,
title={Defining ethics and morals [PowerPoint slide]. HEAL504 Lifespan Development and Communication},
url={https://blackboard.aut.ac.nz/},
year=2020,
}