@InProceedings{gu2019,
author="Gu, Shuhang
and Timofte, Radu",
editor={Escalera, Sergio
and Ayache, Stephane
and Wan, Jun
and Madadi, Meysam
and G{\"u}{\c{c}}l{\"u}, Umut
and Bar{\'o}, Xavier},
title="A Brief Review of Image Denoising Algorithms and Beyond",
booktitle="Inpainting and Denoising Challenges",
year="2019",
publisher="Springer International Publishing",
address="Cham",
pages="1--21",
isbn="978-3-030-25614-2"
}

@ARTICLE{zhang2017,  
author={K. {Zhang} and W. {Zuo} and Y. {Chen} and D. {Meng} and L. {Zhang}},  
journal={IEEE Transactions on Image Processing},  
title={Beyond a Gaussian Denoiser: Residual Learning of Deep CNN for Image Denoising},   
year={2017},
volume={26},
number={7},
pages={3142-3155},}

@inproceedings{mao2016,
author = {Mao, Xiao-Jiao and Shen, Chunhua and Yang, Yu-Bin},
title = {Image Restoration Using Very Deep Convolutional Encoder-Decoder Networks with Symmetric Skip Connections},
year = {2016},
isbn = {9781510838819},
publisher = {Curran Associates Inc.},
address = {Red Hook, NY, USA},
booktitle = {Proceedings of the 30th International Conference on Neural Information Processing Systems},
pages = {2810–2818},
numpages = {9},
location = {Barcelona, Spain},
series = {NIPS’16}
}
  
@InProceedings{Tai_2017_ICCV,
author = {Tai, Ying and Yang, Jian and Liu, Xiaoming and Xu, Chunyan},
title = {MemNet: A Persistent Memory Network for Image Restoration},
booktitle = {The IEEE International Conference on Computer Vision (ICCV)},
month = {Oct},
year = {2017}
}

@InProceedings{chen2018,
author = {Chen, Jingwen and Chen, Jiawei and Chao, Hongyang and Yang, Ming},
title = {Image Blind Denoising With Generative Adversarial Network Based Noise Modeling},
booktitle = {The IEEE Conference on Computer Vision and Pattern Recognition (CVPR)},
month = {June},
year = {2018}
}

@INPROCEEDINGS{Valsesia2019,
author={D. {Valsesia} and G. {Fracastoro} and E. {Magli}},
booktitle={2019 IEEE International Conference on Image Processing (ICIP)},
title={Image Denoising with Graph-Convolutional Neural Networks},
 year={2019},
volume={},
number={},
pages={2399-2403},}

@InProceedings{tian2019,
author="Tian, Chunwei
and Xu, Yong
and Fei, Lunke
and Yan, Ke",
editor="Pan, Jeng-Shyang
and Lin, Jerry Chun-Wei
and Sui, Bixia
and Tseng, Shih-Pang",
title="Deep Learning for Image Denoising: A Survey",
booktitle="Genetic and Evolutionary Computing",
year="2019",
publisher="Springer Singapore",
address="Singapore",
pages="563--572",
isbn="978-981-13-5841-8"
}

