
@inproceedings{bhargavan_formal_2016,
location = {Vienna, Austria},
title = {Formal Verification of Smart Contracts: Short Paper},
isbn = {978-1-4503-4574-3},
url1 = {https://doi.org/10.1145/2993600.2993611},
doi = {10.1145/2993600.2993611},
series = {{PLAS} '16},
shorttitle = {Formal Verification of Smart Contracts},
pages = {91--96},
booktitle = {Proceedings of the 2016 {ACM} Workshop on Programming Languages and Analysis for Security},
publisher = {Association for Computing Machinery},
author = {Bhargavan, Karthikeyan and Delignat-Lavaud, Antoine and Fournet, Cédric and Gollamudi, Anitha and Gonthier, Georges and Kobeissi, Nadim and Kulatova, Natalia and Rastogi, Aseem and Sibut-Pinote, Thomas and Swamy, Nikhil and Zanella-Béguelin, Santiago},
urldate1 = {2020-05-05},
date = {2016-10-24},
keywords = {formal verification, ethereum, {EVM}, smart contracts, solidity},
}


@inproceedings{tsankov_securify_2018,
location = {Toronto, Canada},
title = {Securify: Practical Security Analysis of Smart Contracts},
isbn = {978-1-4503-5693-0},
url1 = {https://doi.org/10.1145/3243734.3243780},
doi = {10.1145/3243734.3243780},
series = {{CCS} '18},
shorttitle = {Securify},
pages = {67--82},
booktitle = {Proceedings of the 2018 {ACM} {SIGSAC} Conference on Computer and Communications Security},
publisher = {Association for Computing Machinery},
author = {Tsankov, Petar and Dan, Andrei and Drachsler-Cohen, Dana and Gervais, Arthur and Bünzli, Florian and Vechev, Martin},
urldate = {2020-05-15},
date = {2018-01-15},
keywords = {security analysis, smart contracts, stratified datalog, verification},
}


@inproceedings{murray_survey_2019,
title = {Survey of Formal Verification Methods for Smart Contracts on Blockchain},
doi = {10.1109/NTMS.2019.8763832},
eventtitle1 = {2019 10th {IFIP} International Conference on New Technologies, Mobility and Security ({NTMS})},
pages = {1--6},
booktitle = {2019 10th {IFIP} International Conference on New Technologies, Mobility and Security ({NTMS})},
author = {Murray, Yvonne and Anisi, David A.},
date = {2019-06},
keywords = {distributed databases, Computational modeling, formal methods, formal verification, Model checking, Smart contracts, smart contracts, advanced smart contract syntax, blockchain, Blockchain, contracts, {DAO} smart contract, data privacy, distributed ledger technology, Ethereum, formal verification methods, model checking, Syntactics, theorem proving, theorem proving methodology},
}


@article{harz_towards_2018,
title = {Towards Safer Smart Contracts: A Survey of Languages and Verification Methods},
url1 = {http://arxiv.org/abs/1809.09805},
shorttitle = {Towards Safer Smart Contracts},
journaltitle = {{arXiv}:1809.09805 [cs]},
author = {Harz, Dominik and Knottenbelt, William},
urldate = {2020-05-05},
date = {2018-10-31},
eprinttype = {arxiv},
eprint = {1809.09805},
keywords = {Computer Science - Cryptography and Security},
}


@inproceedings{amani_towards_2018,
location = {Los Angeles, {CA}, {USA}},
title = {Towards verifying {Ethereum} smart contract bytecode in {Isabelle}/{HOL}},
isbn = {978-1-4503-5586-5},
url1 = {https://doi.org/10.1145/3167084},
doi = {10.1145/3167084},
series = {{CPP} 2018},
pages = {66--77},
booktitle = {Proceedings of the 7th {ACM} {SIGPLAN} International Conference on Certified Programs and Proofs},
publisher = {Association for Computing Machinery},
author = {Amani, Sidney and Bégel, Myriam and Bortin, Maksym and Staples, Mark},
urldate = {2020-05-13},
date = {2018-01-08},
keywords = {formal verification, smart contracts, blockchain, Ethereum, Isabelle/{HOL}},
}


@incollection{brenner_defining_2017,
location = {Cham},
title = {Defining the {Ethereum} Virtual Machine for Interactive Theorem Provers},
volume = {10323},
isbn = {978-3-319-70277-3 978-3-319-70278-0},
url1 = {http://link.springer.com/10.1007/978-3-319-70278-0_33},
pages = {520--535},
booktitle = {Financial Cryptography and Data Security},
publisher = {Springer International Publishing},
author = {Hirai, Yoichi},
editor = {Brenner, Michael and Rohloff, Kurt and Bonneau, Joseph and Miller, Andrew and Ryan, Peter Y.A. and Teague, Vanessa and Bracciali, Andrea and Sala, Massimiliano and Pintore, Federico and Jakobsson, Markus},
urldate = {2020-05-16},
date = {2017},
langid = {english},
doi = {10.1007/978-3-319-70278-0_33},
}