@misc{ wiki:AI_takeover,
    author = "{Wikipedia contributors}",
    title = "AI takeover --- {Wikipedia}{,} The Free Encyclopedia",
    year = "2019",
    url = "https://en.wikipedia.org/w/index.php?title=AI_takeover&oldid=914300390",
    note = "[Online; accessed 11-September-2019]"
  }

@misc{ wiki:Open_Letter_on_Artificial_Intelligence,
    author = "{Wikipedia contributors}",
    title = "Open Letter on Artificial Intelligence --- {Wikipedia}{,} The Free Encyclopedia",
    year = "2019",
    url = "https://en.wikipedia.org/w/index.php?title=Open_Letter_on_Artificial_Intelligence&oldid=911194556",
    note = "[Online; accessed 11-September-2019]"
  }

@book{bostrom:2014:super_intelligence,
 author = {Bostrom, Nick},
 title = {Superintelligence: Paths, Dangers, Strategies},
 year = {2014},
 isbn = {0199678111, 9780199678112},
 edition = {1st},
 publisher = {Oxford University Press, Inc.},
 address = {New York, NY, USA},
} 

@misc{ wiki:Laws_of_robotics,
    author = "{Wikipedia contributors}",
    title = "Laws of robotics --- {Wikipedia}{,} The Free Encyclopedia",
    year = "2019",
    url = "https://en.wikipedia.org/w/index.php?title=Laws_of_robotics&oldid=911737896",
    note = "[Online; accessed 14-September-2019]"
  }