@ARTICLE{hu2014,
author={H. {Hu} and Y. {Wen} and T. {Chua} and X. {Li}},
journal={IEEE Access},
title={Toward Scalable Systems for Big Data Analytics: A Technology Tutorial},
year={2014},
volume={2},
number={},
pages={652-687},
keywords={Big Data;data acquisition;data analysis;data communication;public domain software;storage management;scalable system;Big Data analytics;system architecture;data acquisition;data transmission;data storage;large-scale data processing mechanism;technology tutorial;sequential modules;data generation;Big Data value chain;industry community;Hadoop;Big data;Information analysis;Scalability;Data acquisition;Medical services;Supply chain management;Sensor phenomena and characterization;Sensor systems;Real-time systems;Big data analytics;cloud computing;data acquisition;data storage;data analytics;Hadoop},
doi={10.1109/ACCESS.2014.2332453},
ISSN={2169-3536},
month={},}

@article{SIVARAJAH2017,
title = "Critical analysis of Big Data challenges and analytical methods",
journal = "Journal of Business Research",
volume = "70",
pages = "263 - 286",
year = "2017",
issn = "0148-2963",
doi = "https://doi.org/10.1016/j.jbusres.2016.08.001",
url2 = "http://www.sciencedirect.com/science/article/pii/S014829631630488X",
author = "Uthayasankar Sivarajah and Muhammad Mustafa Kamal and Zahir Irani and Vishanth Weerakkody",
keywords = "Big Data, Big Data Analytics, Challenges, Methods, Systematic literature review",
}

@article{OUSSOUS2018431,
title = "Big Data technologies: A survey",
journal = "Journal of King Saud University - Computer and Information Sciences",
volume = "30",
number = "4",
pages = "431 - 448",
year = "2018",
issn = "1319-1578",
doi = "https://doi.org/10.1016/j.jksuci.2017.06.001",
url2 = "http://www.sciencedirect.com/science/article/pii/S1319157817300034",
author = "Ahmed Oussous and Fatima-Zahra Benjelloun and Ayoub Ait Lahcen and Samir Belfkih",
keywords = "Big Data, Hadoop, Big Data distributions, Big Data analytics, NoSQL, Machine learning",
}

@article{Hewage2018,
title = "Review: Big data techniques of google, Amazon, Facebook and Twitter",
keywords = "Amazon, Big data, Big data techniques, Social networks",
author = {Hewage, {Thulara N.} and Halgamuge, {Malka N.} and Ali Syed and Gullu Ekici},
year = "2018",
month = 02,
doi = "10.12720/jcm.13.2.94-100",
language = "English",
volume = "13",
pages = "94--100",
journal = "Journal of Communications",
issn = "1796-2021",
publisher = "Engineering and Technology Publishing",
number = "2",
}

@article{Pouyanfar:2018,
author = {Pouyanfar, Samira and Yang, Yimin and Chen, Shu-Ching and Shyu, Mei-Ling and Iyengar, S. S.},
title = {Multimedia Big Data Analytics: A Survey},
year = {2018},
issue_date = {April 2018},
publisher = {Association for Computing Machinery},
address = {New York, NY, USA},
volume = {51},
number = {1},
issn = {0360-0300},
url2 = {https://doi.org/10.1145/3150226},
doi = {10.1145/3150226},
journal = {ACM Comput. Surv.},
month = jan,
articleno = {Article 10},
numpages = {34},
keywords = {Big data analytics, survey, retrieval, multimedia analysis, data mining, indexing, multimedia databases, mobile multimedia, machine learning, 5V challenges}
}
  
@article{Gupta2016,
author = {Gupta, Preeti and Sharma, Arun and Jindal, Rajni},
title = {Scalable machine-learning algorithms for big data analytics: a comprehensive review},
journal = {WIREs Data Mining and Knowledge Discovery     },
volume = {6},
number = {6},
pages = {194-214},
doi = {10.1002/widm.1194},
url2 = {https://onlinelibrary.wiley.com/doi/abs/10.1002/widm.1194},
eprint2 = {https://onlinelibrary.wiley.com/doi/pdf/10.1002/widm.1194},
year = {2016}
}

