
@Misc{		  nobody06,
  author	= {Nobody Jr},
  title		= {My Article},
  year		= {2006},
  note		= {\href{}{this is a note}}
}

@Article{	  ludwig1996,
  author	= {Ludwig, Herbert R. Jr. and Leitch, Jay A.},
  doi		= {10.1577/1548-8446(1996)021<0014:ITOABV>2.0.CO;2},
  journal	= {Fisheries},
  number	= {7},
  pages		= {14--18},
  publisher	= {Wiley-Blackwell},
  title		= {{Interbasin transfer of aquatic biota via anglers' Bait
		  Buckets}},
  volume	= {21},
  year		= {1996},
  url		= {http://www.usenix.org/events/osdi04/tech/dean.html},
  note		= {\href{http://www.usenix.org/events/osdi04/tech/dean.html}{this
		  is a note}}
}
